<record><leader>00000cas a2200000 a 4500</leader><controlfield tag="001">34986147</controlfield><controlfield tag="008">960625d19511964caucr ne      0    0eng c</controlfield><datafield ind1=" " ind2=" " tag="010"><subfield code="a">sn 96062830 </subfield></datafield><datafield ind1=" " ind2=" " tag="040"><subfield code="a">CNK</subfield><subfield code="b">eng</subfield><subfield code="c">CNK</subfield><subfield code="d">OCLCQ</subfield><subfield code="d">OCLCF</subfield><subfield code="d">OCLCO</subfield></datafield><datafield ind1=" " ind2=" " tag="042"><subfield code="a">pcc</subfield></datafield><datafield ind1=" " ind2=" " tag="043"><subfield code="a">n-us-ca</subfield></datafield><datafield ind1="0" ind2="0" tag="245"><subfield code="a">Torrance press.</subfield></datafield><datafield ind1="1" ind2="3" tag="246"><subfield code="a">Torrance press and Carson press</subfield><subfield code="f">May 25, 1961-Mar. 7, 1962</subfield></datafield><datafield ind1="1" ind2="3" tag="246"><subfield code="a">Carson press Torrance press</subfield><subfield code="f">Feb. 23-May 21, 1961</subfield></datafield><datafield ind1="1" ind2="3" tag="246"><subfield code="a">Press</subfield><subfield code="f">Feb. 1, 1951</subfield></datafield><datafield ind1=" " ind2=" " tag="260"><subfield code="a">Torrance, Calif. :</subfield><subfield code="b">Wm. R. Zappas</subfield></datafield><datafield ind1=" " ind2=" " tag="300"><subfield code="a">v.</subfield></datafield><datafield ind1=" " ind2=" " tag="310"><subfield code="a">Semiweekly,</subfield><subfield code="b">Sept. 9, 1957-June 1964</subfield></datafield><datafield ind1=" " ind2=" " tag="321"><subfield code="a">Weekly,</subfield><subfield code="b">Feb. 1, 1951-Sept. 5, 1957</subfield></datafield><datafield ind1="0" ind2=" " tag="362"><subfield code="a">2nd year, no. 42 (Feb. 1, 1951)-</subfield></datafield><datafield ind1="1" ind2=" " tag="362"><subfield code="a">Ceased in 1964.</subfield></datafield><datafield ind1=" " ind2="0" tag="651"><subfield code="a">Torrance (Calif.)</subfield><subfield code="v">Newspapers.</subfield></datafield><datafield ind1=" " ind2="7" tag="655"><subfield code="a">Newspapers.</subfield><subfield code="2">fast</subfield><subfield code="0">(OCoLC)fst01423814</subfield></datafield><datafield ind1=" " ind2="7" tag="651"><subfield code="a">California</subfield><subfield code="z">Torrance.</subfield><subfield code="2">fast</subfield><subfield code="0">(OCoLC)fst01218725</subfield></datafield><datafield ind1=" " ind2=" " tag="752"><subfield code="a">United States</subfield><subfield code="b">California</subfield><subfield code="c">Los Angeles</subfield><subfield code="d">Torrance.</subfield></datafield><datafield ind1="0" ind2=" " tag="775"><subfield code="t">Avalon Carson press</subfield><subfield code="w">(DLC)sn 99060838</subfield></datafield><datafield ind1="0" ind2="0" tag="780"><subfield code="t">Press (Torrance, Calif.)</subfield><subfield code="w">(DLC)sn 99060837</subfield></datafield><datafield ind1="0" ind2="7" tag="785"><subfield code="t">Torrance herald</subfield><subfield code="w">(DLC)sn 96062866</subfield></datafield><datafield ind1="0" ind2="7" tag="785"><subfield code="t">Torrance press-herald (Torrance, Calif. : 1964)</subfield><subfield code="w">(DLC)sn 96062867</subfield></datafield></record>